<record><leader>00000cas a22000007a 4500</leader><controlfield tag="001">36986027</controlfield><controlfield tag="008">970530d19uu1979cauwr ne      0    0eng d</controlfield><datafield ind1=" " ind2=" " tag="010"><subfield code="a">sn 97060389 </subfield></datafield><datafield ind1=" " ind2=" " tag="040"><subfield code="a">CNK</subfield><subfield code="b">eng</subfield><subfield code="c">CNK</subfield><subfield code="d">OCLCQ</subfield><subfield code="d">OCLCF</subfield><subfield code="d">OCLCO</subfield></datafield><datafield ind1="1" ind2=" " tag="029"><subfield code="a">AU@</subfield><subfield code="b">000013283041</subfield></datafield><datafield ind1=" " ind2=" " tag="042"><subfield code="a">msc</subfield></datafield><datafield ind1=" " ind2=" " tag="043"><subfield code="a">n-us-ca</subfield></datafield><datafield ind1="0" ind2="0" tag="245"><subfield code="a">East San Diego news.</subfield></datafield><datafield ind1="3" ind2=" " tag="246"><subfield code="a">East San Diego life news</subfield></datafield><datafield ind1="1" ind2="3" tag="246"><subfield code="a">Sun news and Valley Grove news</subfield></datafield><datafield ind1=" " ind2=" " tag="260"><subfield code="a">[San Diego, Calif.] :</subfield><subfield code="b">M. Marvin Johnson</subfield></datafield><datafield ind1=" " ind2=" " tag="300"><subfield code="a">v.</subfield></datafield><datafield ind1=" " ind2=" " tag="310"><subfield code="a">Weekly</subfield></datafield><datafield ind1="0" ind2=" " tag="362"><subfield code="a">-v. 15, no. 41 (Jan. 31, 1979).</subfield></datafield><datafield ind1=" " ind2=" " tag="500"><subfield code="a">"Life" appears in small print in masthead.</subfield></datafield><datafield ind1=" " ind2=" " tag="500"><subfield code="a">"Serving Allied Gardens, San Carlos and Del Cerro."</subfield></datafield><datafield ind1=" " ind2=" " tag="588"><subfield code="a">Description based on: Vol. 15, no. 36 (Dec. 27, 1978).</subfield></datafield><datafield ind1=" " ind2="0" tag="651"><subfield code="a">San Diego (Calif.)</subfield><subfield code="v">Newspapers.</subfield></datafield><datafield ind1=" " ind2="7" tag="655"><subfield code="a">Newspapers.</subfield><subfield code="2">fast</subfield><subfield code="0">(OCoLC)fst01423814</subfield></datafield><datafield ind1=" " ind2="7" tag="651"><subfield code="a">California</subfield><subfield code="z">San Diego.</subfield><subfield code="2">fast</subfield><subfield code="0">(OCoLC)fst01205232</subfield></datafield><datafield ind1=" " ind2=" " tag="752"><subfield code="a">United States</subfield><subfield code="b">California</subfield><subfield code="c">San Diego</subfield><subfield code="d">San Diego.</subfield></datafield><datafield ind1="0" ind2="7" tag="785"><subfield code="a">El Cajon Valley news (San Diego, Calif. : 1978)</subfield><subfield code="w">(DLC)sn 98061497</subfield></datafield><datafield ind1="0" ind2="7" tag="785"><subfield code="t">Sun news (San Diego, Calif.)</subfield><subfield code="w">(DLC)sn 97060387</subfield></datafield></record>